@article{a1,
author = {M. I. Jordan, Z. Ghahramani, T. S. Jaakkola, and L. K. Saul},
title = {An introduction to variational methods for graphical models},
journal = {In M. I. Jordan (Ed.), Learning in Graphical Models},
year = {1999},
}

@book{b1,
author = {Martin J. Wainwright and Michael I. Jordan},
title = {Graphical Models, Exponential Families, and
Variational Inference},
publisher = {now},
year = {2008},
}


An introduction to variational methods for graphical models. M. I. Jordan, Z. Ghahramani, T. S. Jaakkola, and L. K. Saul. In M. I. Jordan (Ed.), Learning in Graphical Models, Cambridge: MIT Press, 1999